<?xml version="1.0" encoding="UTF-8"?><record xmlns="http://www.loc.gov/MARC21/slim" xmlns:cinclude="http://apache.org/cocoon/include/1.0" xmlns:zs="http://www.loc.gov/zing/srw/">
  <leader>00361nz  a2200133n  4500</leader>
  <controlfield tag="001">no2013110238</controlfield>
  <controlfield tag="003">DLC</controlfield>
  <controlfield tag="005">20131009073526.0</controlfield>
  <controlfield tag="008">131008n| azannaabn          |n aaa     c</controlfield>
  <datafield tag="010" ind1=" " ind2=" ">
    <subfield code="a">no2013110238</subfield>
  </datafield>
  <datafield tag="035" ind1=" " ind2=" ">
    <subfield code="a">(OCoLC)oca09586343</subfield>
  </datafield>
  <datafield tag="040" ind1=" " ind2=" ">
    <subfield code="a">IEN</subfield>
    <subfield code="b">eng</subfield>
    <subfield code="c">IEN</subfield>
    <subfield code="e">rda</subfield>
  </datafield>
  <datafield tag="100" ind1="1" ind2=" ">
    <subfield code="a">Moletsane, Smangele</subfield>
  </datafield>
  <datafield tag="670" ind1=" " ind2=" ">
    <subfield code="a">Bhuti Madli$a, 2009:</subfield>
    <subfield code="b">end credits (Smangele Moletsane, cast)</subfield>
  </datafield>
</record>